%TODO: go through all weblinks and convert dates to pub dates, add note "accessed on".

@misc{web:site:tox,
	title          = {{Tox}},
	howpublished   = {\url{https://tox.chat/}},
    Key            = {Tox},
	note = {Accessed 2015.10.05}
}

@misc{web:site:wp:internet_giants,
	title          = {{ U.S., British intelligence mining data from nine U.S. Internet companies in broad secret program - The Washington Post}},
	author         = {Barton Gellman and Laura Poitras},
	howpublished   = {\url{http://www.washingtonpost.com/investigations/us-intelligence-mining-data-from-nine-us-internet-companies-in-broad-secret-program/2013/06/06/3a0c0da8-cebf-11e2-8845-d970ccb04497_story.html}},
    Key            = {Washington Post},
    Month          = {June},
    Year           = {2013},
	note		   = {Accessed 2015.10.16}
}

@misc{web:site:antergos,
	title          = {{Antergos | Your Linux. Always Fresh. Never Frozen.}},
	howpublished   = {\url{https://antergos.com/}},
    Key            = {Antergos},
	note		   = {Accessed 2015.10.13}
}

@misc{web:site:arch_go,
	title          = {{Arch Linux - go 2:1.5.1-2 (x86\_64)}},
	howpublished   = {\url{https://www.archlinux.org/packages/community/x86_64/go/}},
    Key            = {Arch},
	note		   = {Accessed 2015.10.13}
}

@misc{web:site:atom,
	title          = {{Atom}},
	howpublished   = {\url{https://atom.io/}},
    Key            = {Atom},
	note		   = {Accessed 2015.10.13}
}

@misc{web:site:xkcd:pwd_strength,
	title          = {{xkcd: Password Strength}},
	author 		   = {Randall Munroe},
	howpublished   = {\url{https://xkcd.com/936/}},
    Key            = {xkcd},
    Month          = {August},
    Year           = {2011},
	note 	       = {Accessed 2015.10.15}
}

@misc{web:site:xkcd:pwd_wrench,
	title          = {{xkcd: Security}},
	author 		   = {Randall Munroe},
	howpublished   = {\url{https://xkcd.com/538/}},
    Key            = {xkcd},
    Month          = {February},
    Year           = {2009},
	note 	       = {Accessed 2015.10.28}
}

@misc{web:site:golang:time:tick,
	title          = {{time - The Go Programming Language}},
	howpublished   = {\url{https://golang.org/pkg/time/#Tick}},
    Key            = {Tick},
	note		   = {Accessed 2015.10.14}
}

@misc{web:site:golang:mobile,
	title          = {{mobile - GoDoc}},
	howpublished   = {\url{https://godoc.org/golang.org/x/mobile}},
    Key            = {Golang},
	note		   = {Accessed 2015.10.17}
}

@misc{pike2012go,
  title          = {{Go at google: Language design in the service of software engineering}},
  author         = {Pike, Rob},
  howpublished   = {\url{https://talks.golang.org/2012/splash.article}},
  journal        = {Golang. org},
  Month          = {October},
  Year           = {2012},
  note		     = {Accessed 2015.10.14}
}

% GITHUB ------------------------------------------------------------------START

@misc{web:site:github:gopherjs,
	title          = {{gopherjs/gopherjs}},
	howpublished   = {\url{https://github.com/gopherjs/gopherjs}},
    Key            = {Github},
	note           = {Accessed 2015.10.28}
}

@misc{web:site:github:toxcore,
	title          = {{irungentoo/toxcore}},
	howpublished   = {\url{https://github.com/irungentoo/toxcore}},
    Key            = {Github},
	note           = {Accessed 2015.10.12}
}

@misc{web:site:github:tinzenite,
	title          = {{Tinzenite}},
	howpublished   = {\url{https://github.com/tinzenite}},
    Key            = {Github},
	note           = {Accessed 2015.10.17}
}

@misc{web:site:github:hdfs,
	title          = {{colinmarc/hdfs at write-support}},
	howpublished   = {\url{https://github.com/colinmarc/hdfs/tree/write-support}},
    Key            = {Github},
	note           = {Accessed 2015.10.13}
}

@misc{web:site:github:gotox,
	title          = {{codedust/go-tox}},
	howpublished   = {\url{https://github.com/codedust/go-tox}},
    Key            = {gotox},
	note           = {Accessed 2015.05.29}
}

@misc{web:site:github:file_issue,
	title          = {{Implement File Send · Issue \#3 · codedust/go-tox}},
	howpublished   = {\url{https://github.com/codedust/go-tox/issues/3}},
    Key            = {gotox},
	note           = {Accessed 2015.10.12}
}

@misc{web:site:github:tox-dynboot,
	title          = {{xamino/tox-dynboot}},
	howpublished   = {\url{https://github.com/xamino/tox-dynboot}},
    Key            = {Dynboot},
	note           = {Accessed 2015.10.12}
}

% GITHUB --------------------------------------------------------------------END

@misc{web:site:tox:crypto,
	title          = {{toxcore/Crypto.md at master · irungentoo/toxcore}},
	howpublished   = {\url{https://github.com/irungentoo/toxcore/blob/master/docs/updates/Crypto.md}},
    Key            = {Tox Crypto},
	note           = {Accessed 2015.05.29}
}

@misc{web:site:tox:wiki:onion,
	title          = {{users:techfaq - Tox Wiki}},
	howpublished   = {\url{https://wiki.tox.chat/users/techfaq?s[]=onion#what_is_stopping_people_from_tracking_me_through_the_public_dht}},
    Key            = {Tox Onion},
	note           = {Accessed 2015.10.11}
}

@misc{web:site:golang,
	title          = {{The Go Programming Language}},
	howpublished   = {\url{https://golang.org/}},
    Key            = {Golang},
	note           = {Accessed 2015.05.29}
}

@misc{web:site:golang:faq,
	title          = {{Frequently Asked Questions (FAQ) - The Go Programming Language}},
	howpublished   = {\url{http://golang.org/doc/faq}},
    Key            = {Golang},
	note           = {Accessed 2015.05.29}
}

@misc{web:site:golang:box,
	title          = {{box - GoDoc}},
	howpublished   = {\url{https://godoc.org/golang.org/x/crypto/nacl/box}},
    Key            = {Golang Box},
	note           = {Accessed 2015.10.11}
}

@misc{web:site:uni_ulm,
	title          = {{Homepage - Ulm University}},
	howpublished   = {\url{http://www.uni-ulm.de/en/homepage.html}},
    Key            = {Uni Ulm},
	note           = {Accessed 2015.04.29}
}

@misc{web:site:faculty,
	title          = {{Faculty of Engineering, Computer Science and Psychology - Universität Ulm}},
	howpublished   = {\url{http://www.uni-ulm.de/en/in/faculty-of-engineering-computer-science-and-psychology.html}},
    Key            = {Faculty},
	note           = {Accessed 2015.04.29}
}

@misc{web:site:hadoop,
	title          = {{Welcome to Apache™ Hadoop®!}},
	howpublished   = {\url{https://hadoop.apache.org/}},
    Key            = {Hadoop},
	note           = {Accessed 2015.05.29}
}

@misc{web:site:librsync,
	title          = {{librsync}},
	howpublished   = {\url{http://librsync.sourcefrog.net/}},
    Key            = {Librsync},
	note           = {Accessed 2015.05.29}
}

@misc{web:site:dropbox:blog,
		title          = {{We’ve got your back | Dropbox Blog}},
		author         = {Andrew Bortz},
		howpublished   = {\url{https://blogs.dropbox.com/dropbox/2014/06/weve-got-your-back/}},
	    Key            = {Dropbox Blog},
		month          = {June},
		year           = {2014},
		note           = {Accessed 2015.05.14}
}

@misc{web:site:git,
		title          = {{Git}},
		howpublished   = {\url{http://www.git-scm.com/}},
	    Key            = {Git},
		note           = {Accessed 2015.05.26}
}

@misc{web:site:onedrive,
		title          = {{Microsoft OneDrive}},
		howpublished   = {\url{https://onedrive.live.com/about/en-us/}},
	    Key            = {OneDrive},
		note           = {Accessed 2015.06.03}
}

@misc{web:site:rt:dropbox,
		title          = {{'Hostile to privacy': Snowden urges internet users to get rid of Dropbox – RT News}},
		howpublished   = {\url{http://rt.com/news/195244-snowden-rid-dropbox-privacy/}},
	    Key            = {RT Dropbox},
	    Month          = {October},
	    Year           = {2014},
		note           = {Accessed 2015.05.14}
}

@misc{web:site:rt:google,
		title          = {{Snowden leak: NSA secretly accessed Yahoo, Google data centers to collect information — RT USA}},
		howpublished   = {\url{http://rt.com/usa/nsa-secretly-access-yahoo-google-982/}},
	    Key            = {RT Google},
	    Month          = {October},
	    Year           = {2013},
	    note           = {Accessed 2015.05.14}
}

@misc{web:site:institute,
	title          = {{Institute of Databases and Information Systems - Universität Ulm}},
	howpublished   = {\url{https://www.uni-ulm.de/en/in/dbis.html}},
    Key            = {Institute},
	note           = {Accessed 2015.04.29}
}

@misc{web:site:whispersystems,
	Title          = {{Open Whisper Systems >> Home}},
	howpublished   = {\url{https://whispersystems.org/}},
	key			   = {Whisper Systems},
	note 	       = {Accessed 2015.10.05}
}

@misc{web:site:gdrive,
	Title          = {{Google Drive - Cloud Storage \& File Backup for Photos, Docs \& More}},
	howpublished   = {\url{https://www.google.com/drive/}},
	Key            = {Google Drive},
	note           = {Accessed 2015.04.24}
}

@misc{web:site:dropbox,
	Title          = {{Dropbox}},
	howpublished   = {\url{https://www.dropbox.com/}},
	Key            = {Dropbox},
	note           = {Accessed 2015.04.24}
}

@misc{web:site:android,
	Title          = {{Android}},
	howpublished   = {\url{http://www.android.com/}},
	Key            = {Android},
	note           = {Accessed 2015.05.29}
}

@misc{web:site:boxcryptor,
	Title          = {{Boxcryptor | Encryption for cloud storage | Window, Mac, Android, iOS | boxcryptor.com}},
	howpublished   = {\url{https://www.boxcryptor.com/en}},
	Key            = {Boxcryptor},
	note           = {Accessed 2015.04.24}
}

@misc{web:site:bittorrent_sync,
	Title          = {{BitTorrent Sync}},
	howpublished   = {\url{https://www.getsync.com/}},
	Key            = {BitTorrent Sync},
	note           = {Accessed 2015.04.24}
}

@misc{web:site:bittorrent,
	Title          = {{BitTorrent.org}},
	howpublished   = {\url{http://www.bittorrent.org/index.html}},
	Key            = {BitTorrent},
	note           = {Accessed 2015.10.12}
}

@misc{web:site:fortune,
	Title          = {{Who's winning the consumer cloud storage wars? - Fortune}},
	author         = {Erin Griffith},
	howpublished   = {\url{http://fortune.com/2014/11/06/dropbox-google-drive-microsoft-onedrive/}},
	Key            = {Fortune},
	Month          = {November},
	Year           = {2014},
	note           = {Accessed 2015.10.05}
}

@misc{web:site:synthing,
	Title          = {{Syncthing}},
	howpublished   = {\url{https://syncthing.net/}},
	Key            = {Syncthing},
	note           = {Accessed 2015.04.24}
}

@misc{web:site:heise:decix,
	Title          = {{NSA-Skandal: Provider hilft BND angeblich beim Zugriff am Internet-Knoten DE-CIX | heise online}},
	author         = {Martin Holland},
	howpublished   = {\url{http://www.heise.de/newsticker/meldung/NSA-Skandal-Provider-hilft-BND-angeblich-beim-Zugriff-am-Internet-Knoten-DE-CIX-2261805.html}},
	Key            = {Heise DECIX},
	Month          = {July},
	Year           = {2014},
	note           = {Accessed 2015.10.05}
}

@inproceedings{balasubramaniam1998file,
  title={What is a file synchronizer?},
  author={Balasubramaniam, Sundar and Pierce, Benjamin C},
  booktitle={Proceedings of the 4th annual ACM/IEEE international conference on Mobile computing and networking},
  pages={98--108},
  year={1998},
  organization={ACM}
}

@article{ramsey2001algebraic,
  title={An algebraic approach to file synchronization},
  author={Ramsey, Norman and Csirmaz, El and others},
  journal={ACM SIGSOFT Software Engineering Notes},
  volume={26},
  number={5},
  pages={175--185},
  year={2001},
  publisher={ACM}
}

@inproceedings{reiher1996peer,
  title={Peer-to-peer reconciliation based replication for mobile computers},
  author={Reiher, Peter and Popek, Jerry and Gunter, Michial and Salomone, John and Ratner, David},
  booktitle={European Conference on Object Oriented Programming, Second Workshop on Mobility and Replication},
  year={1996},
  organization={Citeseer}
}

@article{page1998perspectives,
  title={Perspectives on optimistically replicated, peer-to-peer filing},
  author={Page Jr, Thomas W and Guy, Richard G and Heidemann, John S and Ratner, David H and Reiher, Peter L and Goel, Ashish and Kuenning, Geoffrey H and Popek, Gerald J},
  journal={Software-Practice and Experience},
  volume={28},
  number={2},
  pages={155--180},
  year={1998},
  publisher={Citeseer}
}

@article{mattern1989virtual,
  title={Virtual time and global states of distributed systems},
  author={Mattern, Friedemann},
  journal={Parallel and Distributed Algorithms},
  volume={1},
  number={23},
  pages={215--226},
  year={1989},
  publisher={Citeseer}
}

@article{goldreich1996software,
  title={Software protection and simulation on oblivious RAMs},
  author={Goldreich, Oded and Ostrovsky, Rafail},
  journal={Journal of the ACM (JACM)},
  volume={43},
  number={3},
  pages={431--473},
  year={1996},
  publisher={ACM}
}

@article{tridgell1996rsync,
  title={The rsync algorithm},
  author={Tridgell, Andrew and Mackerras, Paul and others},
  journal={Made available in DSpace on 2011-01-05T08: 37: 42Z (GMT).},
  year={1996},
  publisher={The Australian National University}
}

@article{bernstein2009cryptography,
  title={Cryptography in NaCl},
  author={Bernstein, Daniel J},
  journal={Networking and Cryptography library},
  year={2009}
}

@incollection{bernstein2012security,
  title={The security impact of a new cryptographic library},
  author={Bernstein, Daniel J and Lange, Tanja and Schwabe, Peter},
  booktitle={Progress in Cryptology--LATINCRYPT 2012},
  pages={159--176},
  year={2012},
  publisher={Springer}
}

@article{borthakur2007hadoop,
  title={The hadoop distributed file system: Architecture and design},
  author={Borthakur, Dhruba},
  journal={Hadoop Project Website},
  volume={11},
  number={2007},
  pages={21},
  year={2007}
}

@book{ratnasamy2001scalable,
  title={A scalable content-addressable network},
  author={Ratnasamy, Sylvia and Francis, Paul and Handley, Mark and Karp, Richard and Shenker, Scott},
  volume={31},
  year={2001},
  publisher={ACM}
}

@inproceedings{provos1999future,
  title={A Future-Adaptable Password Scheme.},
  author={Provos, Niels and Mazieres, David},
  booktitle={USENIX Annual Technical Conference, FREENIX Track},
  pages={81--91},
  year={1999}
}
